@MISC{AndroidTesting,
author = {Lars Vogel},
title = {Android application testing with the Android test framework},
howpublished={\url{http://www.vogella.com/tutorials/AndroidTesting/article.html}},
note={Accessed February 2014},
annote={This document provides information on how to effectively test Android applications using the Android test framework.},
year={2011},
month=sep
}

@MISC{AndroidDesign,
author = {Google},
title = {Android Design},
howpublished={\url{https://developer.android.com/design/index.html}},
note={Accessed February 2014},
annote={This document is useful as it provides information on how to design android application so that they feel intuative to the user given they have a knowledge of how to use Android.}
}


@MISC{AndroidNotification,
author = {Google},
title = {Android Notifications},
howpublished={\url{http://developer.android.com/guide/topics/ui/notifiers/notifications.html}},
note={Accessed February 2014},
annote={This document provides information on how to send notifications to an Android device from your application.}
}



@MISC{ContentProviders,
author = {Google},
title = {Content Providers},
howpublished={\url{http://developer.android.com/guide/topics/providers/content-providers.html}},
note={Accessed February 2014},
annote={This document is useful as it provides information on content providers for Android. Content providers allow you to distribute your database between multiple applications on your device as well as provide help with intelligent suggestions.}
}

@MISC{JSONSpec,
author = {W3C},
title = {JSON specification},
howpublished={\url{http://www.w3.org/TR/2014/REC-json-ld-20140116/}},
note={Accessed February 2014},
annote={This document provides the specification and structure of JSON.}
}


@MISC{SQLCipher,
author = {SQLCipher},
title = {SQLCipher homepage},
howpublished={\url{http://sqlcipher.net/}},
note={Accessed February 2014},
annote={This webpage provides the download and documentation for the SQLCipher library. SQLCipher allows you to easily encrypt and SQLite database.}
}



