%% This BibTeX bibliography file was created using BibDesk.
%% http://bibdesk.sourceforge.net/


%% Created for Neil Taylor at 2014-04-07 22:34:31 +0100 


%% Saved with string encoding Unicode (UTF-8) 

@url{nhs_website,
	Annote = {This is the homepage of the National Health Service, whom this project was created for.},
	Howpublished = {\url{http://www.nhs.uk/Pages/HomePage.aspx}},
	Lastchecked = {February 2014},
	Title = {{NHS Choices - Your health, your choices}},
	Year = 2014}

@url{android,
	Annote = {Android is the operating system that has been used to create the application.},
	Howpublished = {\url{http://www.android.com/}},
	Lastchecked = {January 2014},
	Title = {{Android}},
	Year = 2014}

@url{java,
	Annote = {The Java programming language is the base language used throughout Android development.},
	Howpublished = {\url{http://www.java.com/}},
	Lastchecked = {January 2014},
	Title = {{Java Programming Language}},
	Year = 2014}

@url{software_al,
	Annote = {The Software Alliance is who provided this project to the Abersywtyth University.},
	Howpublished = {\url{http://softwarealliancewales.com/}},
	Lastchecked = {February 2014},
	Title = {{Software Alliance Wales}},
	Year = 2014}

@url{monograph,
	Annote = {This page shows an example of what a drug monograph should look like, this was used to allow me to research what would be created, before taking on the project},
	Howpublished = {\url{http://www.empr.com/drug-monograph-format/section/793/}},
	Lastchecked = {January 2014},
	Title = {{Monograph format}},
	Year = 2014}
@url{xml,
	Annote = {This is the W3 specification for XML. This was used as the data is provded in XML},
	Howpublished = {\url{http://www.w3.org/XML/}},
	Lastchecked = {February 2014},
	Title = {{W3 XML Specification}},
	Year = 2014}

@url{mobile_inter,
	Annote = {A document outling the possiblities of mobile interference on medical equipment. This is the reason why mobile offline access most be implemented into the final application.},
	Howpublished = {\url{http://www.mhra.gov.uk/Safetyinformation/Generalsafetyinformationandadvice/Technicalinformation/Electromagneticinterference/}},
	Lastchecked = {February 2014},
	Title = {{Electromagnetic interference : MHRA}},
	Year = 2014}

@url{medusa,
	Annote = {Medua is the desktop service that the NHS currently use to acces the database. Medua what was expected of the final application. The Medua website was also used to test the calculator page.},
	Howpublished = {\url{http://www.mhra.gov.uk/Safetyinformation/Generalsafetyinformationandadvice/Technicalinformation/Electromagneticinterference/}},
	Lastchecked = {February 2014},
	Title = {{Electromagnetic interference : MHRA}},
	Year = 2014}

@url{web_app,
	Annote = {This is the W3 specification group on web applications.},
	Howpublished = {\url{http://www.w3.org/2008/webapps/}},
	Lastchecked = {February 2014},
	Title = {{Web applications (WEBAPPS) }},
	Year = 2014}
@url{phonegap,
	Annote = {Phonegap is a multi-platform hybrid application builder. Phonegap allows you to create native applications for multiple platforms using HTML, CSS and Javascript.},
	Howpublished = {\url{http://phonegap.com/}},
	Lastchecked = {February 2014},
	Title = {{Phonegap | Home}},
	Year = 2014}
@url{phonegap_localstorage,
	Annote = {Documentation for Phonegaps local storage functionality. Local storage allows the hybrid application to store information on the devices local disc.},
	Howpublished = {\url{http://docs.phonegap.com/en/3.0.0/cordova_storage_storage.md.html}},
	Lastchecked = {February 2014},
	Title = {{PhoneGap API Documentation - Local storage}},
	Year = 2014}
@url{phonegap_background,
	Annote = {StackOverflow question asking how to implement background process within phonegap},
	Howpublished = {\url{http://stackoverflow.com/questions/14210832/can-phonegap-app-work-in-background}},
	Lastchecked = {February 2014},
	Title = {{PhoneGap API Documentation - Local storage}},
	Month = {January},
	Year = 2013}
@url{hybrid_application,
	Annote = {Blog post explaining what a hybrid mobile application is.},
	Howpublished = {\url{http://phonegap.com/}},
	Lastchecked = {February 2014},
	Author= {AppBuilder},
	Title = {{What is a Hybrid Mobile App?}},
	Month = {June},
	Year = 2012}


@url{ios,
	Annote = {Apple's iOS is the operating system ran on the popular iPhone device, as well as many other devices such as the iPad and iPod.},
	Howpublished = {\url{http://www.apple.com/uk/ios/}},
	Lastchecked = {February 2014},
	Title = {{Apple (United Kingdom) - iOS 7}},
	Year = 2014}

@url{phone_market,
	Annote = {This press release states the 2013 market share for a variety of devices and operating systems. This was used when determining the most suitable platform.},
	Howpublished = {\url{http://www.apple.com/uk/ios/}},
	Lastchecked = {February 2014},
	Title = {{Android and iOS Continue to Dominate the Worldwide Smartphone Market with Android Shipments Just Shy of 800 Million in 2013}},
	Month = "February",
	Year = 2014}
@url{obj_c,
	Annote = {A brief overview of the objective-C language and how it relates to other languages like C and C++.},
	Howpublished = {\url{https://developer.apple.com/library/mac/documentation/Cocoa/Conceptual/ProgrammingWithObjectiveC/Introduction/Introduction.html}},
	Lastchecked = {February 2014},
	Title = {{Programming with Objective-C}},
	Month = "February",
	Year = 2014}

@url{android_sdk,
	Annote = {A brief introduction to the Android SDK, providing links to other useful resources.},
	Howpublished = {\url{http://developer.android.com/sdk/}},
	Lastchecked = {February 2014},
	Title = {{Android SDK}},
	Year = 2014}
@url{robospice,
	Annote = {Robospice is a library created for Android development, that allows developers to easily create asynchronous running services.},
	Howpublished = {\url{https://github.com/stephanenicolas/robospice}},
	Lastchecked = {February 2014},
	Title = {{Robospice}},
	Year = 2014}
@url{glyph,
	Annote = {Glyphicon is a set of icons released under the Apache 2 licence. This library wasy used for some iconogprahy within the application},
	Howpublished = {\url{http://glyphicons.com/}},
	Lastchecked = {March 2014},
	Title = {{GLYPHICONS -  library of precisely prepared monochromatic icons and symbols.}},
	Year = 2014}
@url{android_design,
	Annote = {Android design guidelines were used throughout the design and implementation stages, to ensure the user interface followed Android guidelines.},
	Howpublished = {\url{https://developer.android.com/design/index.html}},
	Lastchecked = {March 2014},
	Title = {{Android developer design guidelines}},
	Year = 2014}
@url{stackoverflow,
	Annote = {StackOverflow was used throughout the project to check on best practices and to solve common problems.},
	Howpublished = {\url{http://stackoverflow.com/}},
	Lastchecked = {April 2014},
	Title = {{Stack Overflow}},
	Year = 2014}
@url{genymotion,
	Annote = {Genymotion is an Android emulator. Genymotion is quicker than the standard Android emulator and allows you to easily create emulators of the most populat devices.},
	Howpublished = {\url{http://www.genymotion.com/}},
	Lastchecked = {May 2014},
	Title = {{Genymotion}},
	Year = 2014}
@url{tdd,
	Annote = {Test driven development is the procress of creating software, were the tests for the software are written before the code is implemented. Test driven development was used in parts of this project.},
	Howpublished = {\url{http://www.agiledata.org/essays/tdd.html}},
	Lastchecked = {March 2014},
	Title = {{Introduction to Test Driven Development (TDD)}},
	Year = 2014}
@url{xp,
	Annote = {Extreme programming (XP) was the methodology that I first planned to use for this project. It uses 12 practices each of which would've benefited the project.},
	Howpublished = {\url{http://www.extremeprogramming.org/}},
	Lastchecked = {February 2014},
	Title = {{Extreme Programming: A gentle introduction}},
	Year = 2010}
@url{waterfall,
	Annote = {The waterfall model is a popular methodology used by a large amount of software projects. The waterfall model was the methodology that was used throughout this project },
	Howpublished = {\url{http://c2.com/cgi/wiki?WaterFall}},
	Lastchecked = {February 2014},
	Title = {{Waterfall model}},
	Year = 2011}

@url{git,
	Annote = {Git is a distributed version control system. Git was used throughout the project to keep a log of all changes. If there was ever a problem with the project, the project could be rolled back to an earlier version},
	Howpublished = {\url{http://git-scm.com/}},
	Lastchecked = {January 2014},
	Title = {{Git}},
	Year = 2014}
@url{svn,
	Annote = {SVN is a version control system that was codcidered during the background stage of the project.},
	Howpublished = {\url{http://subversion.tigris.org/}},
	Lastchecked = {January 2014},
	Title = {{SVN - Subversion}},
	Year = 2014}
@url{github,
	Annote = {Github is service used for storing git repositories. Github provide a free account to students.},
	Howpublished = {\url{http://github.com/}},
	Lastchecked = {January 2014},
	Title = {{Github}},
	Year = 2014}
@url{sqlite,
	Annote = {An SQLite database was used within the project to store the data downloaded from the server.},
	Howpublished = {\url{http://www.sqlite.org/}},
	Lastchecked = {March 2014},
	Title = {{SQLite}},
	Year = 2014}
@url{sqlite_dt,
	Annote = {This is the list of available datatypes within SQLite databases},
	Howpublished = {\url{http://www.sqlite.org/datatype3.html}},
	Lastchecked = {March 2014},
	Title = {{SQLite Datatypes}},
	Year = 2014}

@url{junit,
	Annote = {JUnit is a Java framework for testing individual units. JUnit tests have been built for each class within the application},
	Howpublished = {\url{http://junit.org/}},
	Lastchecked = {March 2014},
	Title = {{JUnit Testing}},
	Year = 2014}

@url{strings_xml,
	Annote = {The Android SDK provides a XML file that is used to store all strings used for the project. This is the Android documentation on strings.xml},
	Howpublished = {\url{http://developer.android.com/guide/topics/resources/string-resource.html}},
	Lastchecked = {March 2014},
	Title = {Strings.xml Resouce},
	Year = 2014}

@url{async_task,
	Annote = {The Android SDK provides a class for executing tasks outside of the main thread called AsyncTask. This is the documentation for AsyncTasks.},
	Howpublished = {\url{http://developer.android.com/reference/android/os/AsyncTask.html}},
	Lastchecked = {March 2014},
	Title = {AsyncTask - Android Documentation},
	Year = 2014}

@url{service,
	Annote = {The Android SDK provides a class for executing long running tasks outside of the main thread called a Service. This is the documentation for an Android Service.},
	Howpublished = {\url{http://developer.android.com/reference/android/app/Service.html}},
	Lastchecked = {March 2014},
	Title = {Service - Android Documentation},
	Year = 2014}
@url{apache_licence,
	Annote = {The Apache 2.0 licence is an open source software licence, that allows the users to modify and resell the product, as long as the original notice is kept.},
	Howpublished = {\url{http://www.apache.org/licenses/LICENSE-2.0.html}},
	Lastchecked = {April 2014},
	Title = {Apache 2.0 Licence},
	Year = 2014}

@url{mvc,
	Annote = {Model-View-Controller is a popular design pattern that I am familar with. This document discusses the benefits of MVC.},
	Howpublished = {\url{http://blog.iandavis.com/2008/12/09/what-are-the-benefits-of-mvc/}},
	Lastchecked = {March 2014},
	Title = {What Are The Benefits of MVC?},
	Year = 2008}
@url{singleton,
	Annote = {This blog post discusses singletons within the Java programming language},
	Howpublished = {\url{http://howtodoinjava.com/2012/10/22/singleton-design-pattern-in-java/}},
	Lastchecked = {March 2014},
	Title = {Singleton design pattern in java},
	Year = 2012}
@url{shared_pref,
	Annote = {A shared preference is a key-value pair accessed by providing the key as a string. SharedPreferences are useful for storing single pieces of information on the device. This the documentation for shared preferences},
	Howpublished = {\url{http://developer.android.com/reference/android/content/SharedPreferences.html}},
	Lastchecked = {March 2014},
	Title = {SharedPreferences | Android Developers},
	Year = 2014}

@url{findicons,
	Annote = {A search engine built for finding icons. This was used to find a open source icon for the applications icon.},
	Howpublished = {\url{http://findicons.com/}},
	Lastchecked = {March 2014},
	Title = {Icon Search Engine},
	Year = 2014}


@url{lucid_charts,
	Annote = {Lucid charts is a HTML 5 UML creator. I used this to produce the mock-ups and class diagrams},
	Howpublished = {\url{http://lucidcharts.com/}},
	Lastchecked = {March 2014},
	Title = {Lucid Charts},
	Year = 2014}
@url{dialog,
	Annote = {Alert Dialogs were used throughout the project to notify the user of an action. This is the Android documentation on AlertDialogs.},
	Howpublished = {\url{http://developer.android.com/reference/android/app/AlertDialog.html}},
	Lastchecked = {March 2014},
	Title = {AlertDialog- Android Developers},
	Year = 2014}
@url{eclipse,
	Annote = {Eclipse is an open source IDE. There is a plugin made for Eclipse allowing it to build Android applications},
	Howpublished = {\url{https://www.eclipse.org/}},
	Lastchecked = {April 2014},
	Title = {Eclipse IDE},
	Year = 2014}
@url{android_studio,
	Annote = {Android Studio is a new IDE created by Android specifically for creating Android applications.},
	Howpublished = {\url{http://developer.android.com/sdk/installing/studio.html}},
	Lastchecked = {April 2014},
	Title = {Android Studio},
	Year = 2014}

@url{progaurd,
	Annote = {ProGaurd, a feature provided by Android SDK, allowing developers to protect and optimise their applications code.},
	Howpublished = {\url{http://developer.android.com/tools/help/proguard.html}},
	Lastchecked = {May 2014},
	Title = {ProGaurd},
	Year = 2014}
@url{froyo,
	Annote = {Froyo, the name of the Android SDK API version 8, this is the minimum SDK version supported by this application},
	Howpublished = {\url{http://android-developers.blogspot.co.uk/2010/05/android-22-and-developers-goodies.html}},
	Lastchecked = {April 2014},
	Title = {Froyo Realse Notes},
	Year = 2014}

@url{activity_test,
	Annote = {A guide on creating tests for Android Activities},
	Howpublished = {\url{http://developer.android.com/tools/testing/activity_testing.html}},
	Lastchecked = {April 2014},
	Title = {Activity Testing},
	Year = 2014}
@url{gradle,
	Annote = {Grade is an automatic build configuration tool, similar to Apache's Maven. Gradle allows you create custom build configurations for a variety of setups.},
	Howpublished = {\url{http://www.gradle.org/overview}},
	Lastchecked = {April 2014},
	Title = {Gradle},
	Year = 2014}

@url{exciser,
	Annote = {Android documentation on using the Application Exerciser Monkey tool, to stress test applications},
	Howpublished = {\url{http://developer.android.com/tools/help/monkey.html}},
	Lastchecked = {April 2014},
	Title = {Activity Testing},
	Year = 2014}
@url{robotium,
	Annote = {Robotium is an Android library which allows developers to white box test applications easily.},
	Howpublished = {\url{https://code.google.com/p/robotium/}},
	Lastchecked = {April 2014},
	Title = {Robotium black-box testing},
	Year = 2014}
@url{code_style,
	Annote = {Android specification on their coding style gudielines.},
	Howpublished = {\url{https://source.android.com/source/code-style.html}},
	Lastchecked = {April 2014},
	Title = {Android Code Style Guidelines},
	Year = 2014}
@url{javadoc,
	Annote = {Javadoc, a tool and style used for commenting Java code},
	Howpublished = {\url{http://www.oracle.com/technetwork/java/javase/documentation/index-jsp-135444.html}},
	Lastchecked = {April 2014},
	Title = {JavaDoc documentation},
	Year = 2014}



